
  <record>
    <leader>00000nam a2200000 i 4500</leader>
    <controlfield tag="001">NN056075</controlfield>
    <controlfield tag="005">20230612030437.0</controlfield>
    <controlfield tag="007">tu</controlfield>
    <controlfield tag="008">230612s2022    xxu|||||||||||||||||srp||</controlfield>
    <datafield tag="020" ind1=" " ind2=" ">
      <subfield code="a">9788660880927</subfield>
      <subfield code="q">(fest gebunden)</subfield>
    </datafield>
    <datafield tag="039" ind1=" " ind2=" ">
      <subfield code="b">II</subfield>
    </datafield>
    <datafield tag="040" ind1=" " ind2=" ">
      <subfield code="a">1520</subfield>
      <subfield code="b">ger</subfield>
      <subfield code="c">DE-Rt5</subfield>
      <subfield code="d">CH-Be SBD</subfield>
      <subfield code="d">Bibliomedia Solothurn (CH-001273-X)</subfield>
      <subfield code="e">AT7</subfield>
    </datafield>
    <datafield tag="041" ind1=" " ind2=" ">
      <subfield code="a">srp</subfield>
      <subfield code="h">fre</subfield>
    </datafield>
    <datafield tag="100" ind1="1" ind2=" ">
      <subfield code="a">Bonilla, Rocio</subfield>
      <subfield code="e">Verfasser</subfield>
      <subfield code="0">(DE-588)117232512X</subfield>
      <subfield code="4">aut</subfield>
    </datafield>
    <datafield tag="240" ind1="1" ind2="0">
      <subfield code="a">La muntanya de llibres més alta del món</subfield>
    </datafield>
    <datafield tag="245" ind1="0" ind2="4">
      <subfield code="a">Najviša planina od knjiga na celom svetu /</subfield>
      <subfield code="c">Rosio Bonilja</subfield>
    </datafield>
    <datafield tag="264" ind1=" " ind2="1">
      <subfield code="a">Čačak :</subfield>
      <subfield code="b">Pčelica,</subfield>
      <subfield code="c">2022</subfield>
    </datafield>
    <datafield tag="300" ind1=" " ind2=" ">
      <subfield code="a">1 Band (unpaginiert) :</subfield>
      <subfield code="b">Ill. ;</subfield>
      <subfield code="c">30 cm</subfield>
    </datafield>
    <datafield tag="336" ind1=" " ind2=" ">
      <subfield code="a">Text</subfield>
      <subfield code="b">txt</subfield>
      <subfield code="2">rdacontent</subfield>
      <subfield code="9">NetBiblio</subfield>
    </datafield>
    <datafield tag="337" ind1=" " ind2=" ">
      <subfield code="a">ohne Hilfsmittel zu benutzen</subfield>
      <subfield code="b">n</subfield>
      <subfield code="2">rdamedia</subfield>
      <subfield code="9">NetBiblio</subfield>
    </datafield>
    <datafield tag="338" ind1=" " ind2=" ">
      <subfield code="a">Band</subfield>
      <subfield code="b">nc</subfield>
      <subfield code="2">rdacarrier</subfield>
      <subfield code="9">NetBiblio</subfield>
    </datafield>
    <datafield tag="365" ind1=" " ind2=" ">
      <subfield code="b">22.90</subfield>
      <subfield code="c">CHF</subfield>
    </datafield>
    <datafield tag="385" ind1=" " ind2=" ">
      <subfield code="a">Kinder</subfield>
      <subfield code="b">a</subfield>
    </datafield>
    <datafield tag="546" ind1=" " ind2=" ">
      <subfield code="a">kyrillisch</subfield>
    </datafield>
    <datafield tag="696" ind1=" " ind2="7">
      <subfield code="a">Bilderbuch</subfield>
      <subfield code="2">sbd</subfield>
      <subfield code="0">(CH-001273-X)A81873</subfield>
    </datafield>
    <datafield tag="696" ind1=" " ind2="7">
      <subfield code="a">Fantasy</subfield>
      <subfield code="2">sbd</subfield>
      <subfield code="0">(CH-001273-X)A82007</subfield>
    </datafield>
    <datafield tag="696" ind1=" " ind2="7">
      <subfield code="a">Kindheit</subfield>
      <subfield code="2">sbd</subfield>
      <subfield code="0">(CH-001273-X)A81913</subfield>
    </datafield>
    <datafield tag="696" ind1=" " ind2="7">
      <subfield code="a">Literatur</subfield>
      <subfield code="2">sbd</subfield>
      <subfield code="0">(CH-001273-X)A81953</subfield>
    </datafield>
    <datafield tag="696" ind1=" " ind2="7">
      <subfield code="a">Vorlesen</subfield>
      <subfield code="2">sbd</subfield>
      <subfield code="0">(CH-001273-X)A82033</subfield>
    </datafield>
    <datafield tag="904" ind1=" " ind2=" ">
      <subfield code="a">B</subfield>
      <subfield code="b">KBB</subfield>
    </datafield>
    <datafield tag="910" ind1=" " ind2=" ">
      <subfield code="a">5400617</subfield>
    </datafield>
    <datafield tag="949" ind1=" " ind2=" ">
      <subfield code="a">Lesespass</subfield>
      <subfield code="b">FANTASIE</subfield>
    </datafield>
    <datafield tag="954" ind1=" " ind2=" ">
                 <subfield code="a">BCD10530410X</subfield>
                 <subfield code="j">ZBS KJ BM/BONI</subfield>
                 <subfield code="9">LOCAL</subfield>
                 </datafield>
    <datafield tag="998" ind1=" " ind2=" ">
      <subfield code="1">MediaType1Code: 10</subfield>
      <subfield code="1">MediaType2Code: 32</subfield>
      <subfield code="1">AgeCode: 83</subfield>
      <subfield code="1">BibliomediaCollectionNr: S56997</subfield>
    </datafield>
  </record>