
  <record>
    <leader>00000nam a2200000 i 4500</leader>
    <controlfield tag="001">NN049216</controlfield>
    <controlfield tag="005">20221004121724.6</controlfield>
    <controlfield tag="007">tu</controlfield>
    <controlfield tag="008">221004s2022    xx            000 0 hrv d</controlfield>
    <datafield tag="020" ind1=" " ind2=" ">
      <subfield code="a">9789537351939</subfield>
    </datafield>
    <datafield tag="039" ind1=" " ind2=" ">
      <subfield code="b">II</subfield>
    </datafield>
    <datafield tag="040" ind1=" " ind2=" ">
      <subfield code="a">1520</subfield>
      <subfield code="b">ger</subfield>
      <subfield code="c">DE-Rt5</subfield>
      <subfield code="d">CH-Be SBD</subfield>
      <subfield code="d">Bibliomedia Solothurn (CH-001273-X)</subfield>
      <subfield code="e">rda</subfield>
    </datafield>
    <datafield tag="041" ind1=" " ind2=" ">
      <subfield code="a">hrv</subfield>
      <subfield code="h">eng</subfield>
    </datafield>
    <datafield tag="100" ind1="1" ind2=" ">
      <subfield code="a">John, Jory</subfield>
      <subfield code="e">Verfasser</subfield>
      <subfield code="0">(DE-588)1075735203</subfield>
      <subfield code="4">aut</subfield>
    </datafield>
    <datafield tag="240" ind1="1" ind2="4">
      <subfield code="a">The good egg</subfield>
    </datafield>
    <datafield tag="245" ind1="0" ind2="4">
      <subfield code="a">Uzorno jaje /</subfield>
      <subfield code="c">Jory John i Pete Oswald</subfield>
    </datafield>
    <datafield tag="264" ind1=" " ind2="1">
      <subfield code="a">Split :</subfield>
      <subfield code="b">Harfa,</subfield>
      <subfield code="c">2022</subfield>
    </datafield>
    <datafield tag="300" ind1=" " ind2=" ">
      <subfield code="a">1 Band (unpaginiert) :</subfield>
      <subfield code="b">Ill. ;</subfield>
      <subfield code="c">29 cm</subfield>
    </datafield>
    <datafield tag="336" ind1=" " ind2=" ">
      <subfield code="a">Text</subfield>
      <subfield code="b">txt</subfield>
      <subfield code="2">rdacontent</subfield>
    </datafield>
    <datafield tag="336" ind1=" " ind2=" ">
      <subfield code="a">unbewegtes Bild</subfield>
      <subfield code="b">sti</subfield>
      <subfield code="2">rdacontent</subfield>
    </datafield>
    <datafield tag="337" ind1=" " ind2=" ">
      <subfield code="a">ohne Hilfsmittel zu benutzen</subfield>
      <subfield code="b">n</subfield>
      <subfield code="2">rdamedia</subfield>
    </datafield>
    <datafield tag="338" ind1=" " ind2=" ">
      <subfield code="a">Band</subfield>
      <subfield code="b">nc</subfield>
      <subfield code="2">rdacarrier</subfield>
    </datafield>
    <datafield tag="365" ind1=" " ind2=" ">
      <subfield code="b">19.30</subfield>
      <subfield code="c">CHF</subfield>
    </datafield>
    <datafield tag="385" ind1=" " ind2=" ">
      <subfield code="a">Kinder</subfield>
      <subfield code="b">a</subfield>
    </datafield>
    <datafield tag="696" ind1=" " ind2="7">
      <subfield code="a">Bilderbuch</subfield>
      <subfield code="2">sbd</subfield>
      <subfield code="0">(CH-001273-X)A81873</subfield>
    </datafield>
    <datafield tag="696" ind1=" " ind2="7">
      <subfield code="a">Sozialkritik</subfield>
      <subfield code="2">sbd</subfield>
      <subfield code="0">(CH-001273-X)A82022</subfield>
    </datafield>
    <datafield tag="696" ind1=" " ind2="7">
      <subfield code="a">Psychologie</subfield>
      <subfield code="2">sbd</subfield>
    </datafield>
    <datafield tag="700" ind1="1" ind2=" ">
      <subfield code="a">Oswald, Pete</subfield>
      <subfield code="e">Künstler</subfield>
      <subfield code="0">(DE-588)1123748063</subfield>
      <subfield code="4">art</subfield>
    </datafield>
    <datafield tag="904" ind1=" " ind2=" ">
      <subfield code="a">B</subfield>
      <subfield code="b">KBB</subfield>
    </datafield>
    <datafield tag="910" ind1=" " ind2=" ">
      <subfield code="a">1237129</subfield>
    </datafield>
    <datafield tag="949" ind1=" " ind2=" ">
      <subfield code="a">Ich und meine Welt</subfield>
      <subfield code="b">ICH UND DIE ANDEREN</subfield>
    </datafield>
    <datafield tag="954" ind1=" " ind2=" ">
                 <subfield code="a">BCD105196169</subfield>
                 <subfield code="j">ZBS KJ BM/JOHN</subfield>
                 <subfield code="9">LOCAL</subfield>
                 </datafield>
    <datafield tag="998" ind1=" " ind2=" ">
      <subfield code="1">MediaType1Code: 10</subfield>
      <subfield code="1">MediaType2Code: 32</subfield>
      <subfield code="1">AgeCode: 83</subfield>
      <subfield code="1">BibliomediaCollectionNr: S56997</subfield>
    </datafield>
  </record>