
  <record>
    <leader>00000nam a2200000 i 4500</leader>
    <controlfield tag="001">NN049356</controlfield>
    <controlfield tag="005">20220412085659.8</controlfield>
    <controlfield tag="007">tu</controlfield>
    <controlfield tag="008">220412s2021    xx            000 0 hrv d</controlfield>
    <datafield tag="020" ind1=" " ind2=" ">
      <subfield code="a">9789533138541</subfield>
    </datafield>
    <datafield tag="039" ind1=" " ind2=" ">
      <subfield code="b">II</subfield>
      <subfield code="b">alcoda</subfield>
    </datafield>
    <datafield tag="040" ind1=" " ind2=" ">
      <subfield code="a">1520</subfield>
      <subfield code="b">ger</subfield>
      <subfield code="c">DE-Rt5</subfield>
      <subfield code="d">CH-Be SBD</subfield>
      <subfield code="d">Bibliomedia Solothurn (CH-001273-X)</subfield>
      <subfield code="e">AT7</subfield>
    </datafield>
    <datafield tag="041" ind1=" " ind2=" ">
      <subfield code="a">hrv</subfield>
      <subfield code="h">eng</subfield>
    </datafield>
    <datafield tag="100" ind1="1" ind2=" ">
      <subfield code="a">Gough, Julian</subfield>
      <subfield code="d">1966-</subfield>
      <subfield code="e">(Verfasser)</subfield>
      <subfield code="4">aut</subfield>
      <subfield code="0">(DE-588)123741246</subfield>
      <subfield code="2">gnd</subfield>
    </datafield>
    <datafield tag="240" ind1="1" ind2="0">
      <subfield code="a">Pest in the nest</subfield>
    </datafield>
    <datafield tag="245" ind1="0" ind2="4">
      <subfield code="a">Zečeve nove nevolje /</subfield>
      <subfield code="c">priča: Julian Gough ; ilustracije: Jim Field</subfield>
    </datafield>
    <datafield tag="264" ind1=" " ind2="1">
      <subfield code="a">Zagreb :</subfield>
      <subfield code="b">Profil,</subfield>
      <subfield code="c">2021</subfield>
    </datafield>
    <datafield tag="300" ind1=" " ind2=" ">
      <subfield code="a">102 Seiten :</subfield>
      <subfield code="b">Ill. ;</subfield>
      <subfield code="c">19 cm</subfield>
    </datafield>
    <datafield tag="336" ind1=" " ind2=" ">
      <subfield code="a">Text</subfield>
      <subfield code="b">txt</subfield>
      <subfield code="2">rdacontent</subfield>
      <subfield code="9">NetBiblio</subfield>
    </datafield>
    <datafield tag="337" ind1=" " ind2=" ">
      <subfield code="a">ohne Hilfsmittel zu benutzen</subfield>
      <subfield code="b">n</subfield>
      <subfield code="2">rdamedia</subfield>
      <subfield code="9">NetBiblio</subfield>
    </datafield>
    <datafield tag="338" ind1=" " ind2=" ">
      <subfield code="a">Band</subfield>
      <subfield code="b">nc</subfield>
      <subfield code="2">rdacarrier</subfield>
      <subfield code="9">NetBiblio</subfield>
    </datafield>
    <datafield tag="365" ind1=" " ind2=" ">
      <subfield code="b">18.30</subfield>
      <subfield code="c">CHF</subfield>
    </datafield>
    <datafield tag="385" ind1=" " ind2=" ">
      <subfield code="a">Kinder</subfield>
      <subfield code="b">a</subfield>
    </datafield>
    <datafield tag="490" ind1=" " ind2=" ">
      <subfield code="a">Zec i medvjedica ;</subfield>
      <subfield code="v">2</subfield>
    </datafield>
    <datafield tag="696" ind1=" " ind2=" ">
      <subfield code="a">Erstes Lesealter</subfield>
      <subfield code="0">(CH-001273-X)A81881</subfield>
      <subfield code="2">bm</subfield>
    </datafield>
    <datafield tag="696" ind1=" " ind2="7">
      <subfield code="a">Abenteuer</subfield>
      <subfield code="2">sbd</subfield>
      <subfield code="0">(CH-001273-X)A81858</subfield>
    </datafield>
    <datafield tag="696" ind1=" " ind2="7">
      <subfield code="a">Freundschaft</subfield>
      <subfield code="2">sbd</subfield>
      <subfield code="0">(CH-001273-X)A81888</subfield>
    </datafield>
    <datafield tag="696" ind1=" " ind2="7">
      <subfield code="a">Tier Hase</subfield>
      <subfield code="2">sbd</subfield>
      <subfield code="0">(CH-001273-X)A82187</subfield>
    </datafield>
    <datafield tag="696" ind1=" " ind2="7">
      <subfield code="a">Tier Bär</subfield>
      <subfield code="2">sbd</subfield>
      <subfield code="0">(CH-001273-X)A82221</subfield>
    </datafield>
    <datafield tag="700" ind1="1" ind2=" ">
      <subfield code="a">Field, Jim</subfield>
      <subfield code="d">1980-</subfield>
      <subfield code="e">(Illustrator)</subfield>
      <subfield code="4">ill</subfield>
      <subfield code="0">(DE-588)1054622671</subfield>
      <subfield code="2">gnd</subfield>
    </datafield>
    <datafield tag="830" ind1=" " ind2="0">
      <subfield code="a">Zec i medvjedica</subfield>
      <subfield code="v">2</subfield>
      <subfield code="0">(CH-001273-X)A231377</subfield>
    </datafield>
    <datafield tag="904" ind1=" " ind2=" ">
      <subfield code="a">B</subfield>
      <subfield code="b">KB</subfield>
    </datafield>
    <datafield tag="904" ind1=" " ind2=" ">
      <subfield code="a">B</subfield>
      <subfield code="b">KB</subfield>
    </datafield>
    <datafield tag="910" ind1=" " ind2=" ">
      <subfield code="a">5263753</subfield>
    </datafield>
    <datafield tag="910" ind1=" " ind2=" ">
      <subfield code="a">5263753</subfield>
    </datafield>
    <datafield tag="945" ind1="p" ind2="i">
      <subfield code="a">201806</subfield>
    </datafield>
    <datafield tag="945" ind1="p" ind2="i">
      <subfield code="a">201806</subfield>
    </datafield>
    <datafield tag="946" ind1="s" ind2="5">
      <subfield code="h">201802</subfield>
    </datafield>
    <datafield tag="946" ind1="s" ind2="5">
      <subfield code="h">201802</subfield>
    </datafield>
    <datafield tag="949" ind1=" " ind2=" ">
      <subfield code="a">Lesespass</subfield>
      <subfield code="b">LESEPROFI</subfield>
    </datafield>
    <datafield tag="949" ind1=" " ind2=" ">
      <subfield code="a">Lesespass</subfield>
      <subfield code="b">LESEPROFI</subfield>
    </datafield>
    <datafield tag="954" ind1=" " ind2=" ">
                 <subfield code="a">BCD105196783</subfield>
                 <subfield code="j">ZBS KJ BM/GOUG</subfield>
                 <subfield code="9">LOCAL</subfield>
                 </datafield>
    <datafield tag="998" ind1=" " ind2=" ">
      <subfield code="1">MediaType1Code: 10</subfield>
      <subfield code="1">MediaType2Code: 34</subfield>
      <subfield code="1">AgeCode: 83</subfield>
      <subfield code="1">BibliomediaCollectionNr: S56997</subfield>
    </datafield>
  </record>